<record><leader>00000cas a2200000 a 4500</leader><controlfield tag="001">277684293</controlfield><controlfield tag="006">m     o  d        </controlfield><controlfield tag="007">cr |||||||||||</controlfield><controlfield tag="008">081210d18891914wauwr neo     0    0eng c</controlfield><datafield ind1=" " ind2=" " tag="010"><subfield code="a">  2009252682</subfield></datafield><datafield ind1=" " ind2=" " tag="040"><subfield code="a">WRJ</subfield><subfield code="b">eng</subfield><subfield code="c">WRJ</subfield><subfield code="d">WRJ</subfield><subfield code="d">WAU</subfield><subfield code="d">OCLCQ</subfield><subfield code="d">DLC</subfield><subfield code="d">OCLCQ</subfield><subfield code="d">OCLCF</subfield></datafield><datafield ind1="1" ind2=" " tag="029"><subfield code="a">NZ1</subfield><subfield code="b">13540846</subfield></datafield><datafield ind1="1" ind2=" " tag="029"><subfield code="a">NZ1</subfield><subfield code="b">16240283</subfield></datafield><datafield ind1=" " ind2=" " tag="042"><subfield code="a">pcc</subfield></datafield><datafield ind1=" " ind2=" " tag="043"><subfield code="a">n-us-wa</subfield></datafield><datafield ind1="0" ind2="4" tag="245"><subfield code="a">The Yakima herald</subfield><subfield code="h">[electronic resource].</subfield></datafield><datafield ind1=" " ind2=" " tag="260"><subfield code="a">North Yakima, Washington Territory :</subfield><subfield code="b">Reed &amp; Coe</subfield></datafield><datafield ind1=" " ind2=" " tag="310"><subfield code="a">Weekly</subfield></datafield><datafield ind1="1" ind2=" " tag="362"><subfield code="a">Began with: Vol. 1, no. 1 (Feb. 2, 1889); print ceased in 1914.</subfield></datafield><datafield ind1=" " ind2=" " tag="550"><subfield code="a">Published: Yakima Herald Pub. Co., Feb. 3, 1904-</subfield></datafield><datafield ind1=" " ind2=" " tag="588"><subfield code="a">Description based on: Vol. 1, no. 1 (Feb. 2, 1889); title from masthead (Washington State Library, viewed May 7, 2009).</subfield></datafield><datafield ind1=" " ind2=" " tag="588"><subfield code="a">Latest issue consulted: Vol. 4, no. 49 (Dec. 29., 1892).</subfield></datafield><datafield ind1=" " ind2="0" tag="651"><subfield code="a">Yakima (Wash.)</subfield><subfield code="v">Newspapers.</subfield></datafield><datafield ind1=" " ind2="7" tag="655"><subfield code="a">Newspapers.</subfield><subfield code="2">fast</subfield><subfield code="0">(OCoLC)fst01423814</subfield></datafield><datafield ind1=" " ind2="7" tag="651"><subfield code="a">Washington (State)</subfield><subfield code="z">Yakima.</subfield><subfield code="2">fast</subfield><subfield code="0">(OCoLC)fst01205471</subfield></datafield><datafield ind1=" " ind2=" " tag="752"><subfield code="a">United States</subfield><subfield code="b">Washington</subfield><subfield code="c">Yakima</subfield><subfield code="d">Yakima.</subfield></datafield><datafield ind1="0" ind2="8" tag="776"><subfield code="i">Print version:</subfield><subfield code="t">Yakima herald</subfield><subfield code="x">2158-4745</subfield><subfield code="w">(DLC)sn 88085523</subfield><subfield code="w">(OCoLC)17416264</subfield></datafield><datafield ind1="4" ind2="0" tag="856"><subfield code="u">http://www.sos.wa.gov/history/newspapers_detail.aspx?t=42</subfield><subfield code="z">View online version from Washington State Library.</subfield></datafield><datafield ind1="4" ind2="2" tag="856"><subfield code="u">http://www.sos.wa.gov/history/newspapers_info.aspx?c=a</subfield><subfield code="z">View information about the Historical Newspapers in Washington project.</subfield></datafield></record>